@article{anormaliza2009implementacion,
	title={Implementaci{\'o}n de un Website de Comercio Electr{\'o}nico, Utilizando una Infraestructura de Red Segura},
	author={Abarca, Mar{\'\i}a Auxiliadora Anormaliza and Costa, Fernando Neumane and Bustos, Douglas Mero and Astudillo, Karina},
	year={2009}
}

@article{casanueva2000practicas,
	title={Pr{\'a}cticas de la gesti{\'o}n empresarial},
	author={Casanueva, Crist{\'o}bal and Garc{\'\i}a, Julio},
	journal={Recuperado d e https://docplayer. es/38495021-Iii-marco-teorico-julio-garcia-y-cristobalcasanueva-autores-del-libro-practicas-de-la-gestion-empresarial-definen-laempresa-como. html},
	year={2000}
}

@mastersthesis{hurtado2019aplicacion,
	title={Aplicaci{\'o}n Web administrativa para reserva de servicios de transporte y env{\'\i}o de encomiendas para la empresa Romero y Asociados (AMBASEUR) de la ciudad de Ambato},
	author={Hurtado Samaniego, Diego Fernando},
	type={{B.S.} thesis},
	year={2019},
	school={Universidad T{\'e}cnica de Ambato. Facultad de Ingenier{\'\i}a en Sistemas~…}
}

@article{mora2022sistema,
	title={SISTEMA GESTION DE SERVICIO DE VIAJES PARA LA EMPRESA “NUESTRA SE{\~N}ORA DE LA ASUNCI{\'O}N CISA”},
	author={Mora, Ever Antonio Insaurralde},
	year={2022}
}

@mastersthesis{arevalo2021desarrollo,
	title={DESARROLLO DE UNA APLICACI{\'O}N WEB PARA AGILITAR LOS PROCESOS DE LA COMPRA Y VENTA DE BOLETOS DE BUSES INTERPROVINCIALES EN EL TERMINAL DE MILAGRO.},
	author={Ar{\'e}valo Pineda, Andy Gustavo and Vargas Gallardo, Jos{\'e} Luis},
	type={{B.S.} thesis},
	year={2021}
}

@article{sosa2019sistema,
	title={Sistema inform{\'a}tico web para la gesti{\'o}n de pasajes de la empresa de transporte Turismo Transol Barranca SAC},
	author={Sosa Pajuelo, Julio Gonz{\'a}lo},
	year={2019},
	publisher={Universidad San Pedro}
}

@article{vivas2019propuesta,
	title={Propuesta de implementaci{\'o}n del sistema Web de venta de boletos de viaje y gesti{\'o}n de encomiendas para la empresa transportes Montero SAC Piura; 2018},
	author={Vivas Mena, Juleisy Bersabeth},
	publisher={Universidad Cat{\'o}lica Los {\'A}ngeles de Chimbote},
	year={2019}
}

@mastersthesis{nunez2005diseno,
	title={Diseño web comercial de la Escuela Polit{\'e}cnica de Ej{\'e}rcito.},
	author={Nuñez, S. and Tituaña, M.},
	type={{B.S.} thesis},
	publisher={ESPE},
	page={19},
	year={2005}
}

@misc{pressman1998ingenieria,
	title={Ingenier{\'\i}a del Software, un Enfoque pr{\'a}ctico, HILL Graw},
	author={Pressman S., Roger},
	year={1998},
	publisher={Espa{\~n}a}
}

@misc{pressman2010ingenieria,
	title={Ingenier{\'\i}a del software un enfoque pr{\'a}ctico},
	author={Pressman S., Roger},
	year={2010},
	publisher={M{\'e}xico. The McGraw-Hill Companies}
}

@article{sommerville2011introduccion,
	title={Ingenier{\'\i}a de Software},
	author={Sommerville, Ian},
	journal={I. Sommerville, Ingenier{\'\i}a de Software. Pearson Educaci{\'o}n},
	year={2011}
}

@article{carro2013logistica,
	title={Log{\'\i}stica empresarial},
	author={Carro, Roberto and Gonz{\'a}lez G{\'o}mez, Daniel A},
	year={2013}
}

@article{koch2001transporte,
	title={El transporte p{\'u}blico urbano},
	author={Koch, Freddy},
	journal={Lo urbano y la urbanizaci{\'o}n en Bolivia: problem{\'a}ticas y desaf{\'i}os},
	pages={287},
	year={2001}
}

@legislation{ley2011transporte,
	title = {Ley General de Transporte},
	organization = {Asamblea Legislativa Plurinacional},
	year = {2011},
	month = {08},
	day = {16},
	note = {Articulo 7. Bolivia.}
}

@legislation{ley_municipal2012transporte,
	title = {Ley Municipal de Transporte y Tr{\'a}nsito Urbano'},
	organization = {Gobierno Autónomo Municipal de La Paz},
	year = {2012},
	month = {04},
	day = {18},
	note = {Articulo 59}
}


@article{cuevas2023,
	author = {Cuevas Quiroz, Franz},
	year = {2023},
	title = {Apuntes de clase de la materia Taller de Licenciatura I (INF - 398)},
	publisher={Universidad Mayor de San Andres}
}

@article{cuevas2024,
	author = {Cuevas Quiroz, Franz},
	year = {2024},
	title = {Apuntes de clase de la materia Taller de Licenciatura II (INF - 399)},
	publisher={Universidad Mayor de San Andres}
}